@misc{BoostTrim,
  title = {Boost string trim},
  url = {http://www.boost.org/doc/libs/1_64_0/doc/html/string_algo/reference.html#header.boost.algorithm.string.trim_hpp},
}
